<?xml version="1.0" encoding="UTF-8"?><record xmlns="http://www.loc.gov/MARC21/slim" xmlns:cinclude="http://apache.org/cocoon/include/1.0" xmlns:zs="http://www.loc.gov/zing/srw/">
  <leader>00389nz  a2200133n  4500</leader>
  <controlfield tag="001">no2001040023</controlfield>
  <controlfield tag="003">DLC</controlfield>
  <controlfield tag="005">20010518071041.0</controlfield>
  <controlfield tag="008">010517n| acannaabn          |n aaa     c</controlfield>
  <datafield tag="010" ind1=" " ind2=" ">
    <subfield code="a">no2001040023</subfield>
  </datafield>
  <datafield tag="035" ind1=" " ind2=" ">
    <subfield code="a">(OCoLC)oca05489845</subfield>
  </datafield>
  <datafield tag="040" ind1=" " ind2=" ">
    <subfield code="a">WU</subfield>
    <subfield code="b">eng</subfield>
    <subfield code="c">WU</subfield>
  </datafield>
  <datafield tag="100" ind1="1" ind2="0">
    <subfield code="a">Roussel, Jacqueline</subfield>
  </datafield>
  <datafield tag="670" ind1=" " ind2=" ">
    <subfield code="a">Anh-Van. Mouvements nationaux et lutte de classes au Viet-Nam, 1947:</subfield>
    <subfield code="b">t.p. (Jacqueline Roussel)</subfield>
  </datafield>
</record>